<?xml version="1.0" encoding="UTF-8"?><collection xmlns="http://www.loc.gov/MARC21/slim"><record><leader>00461nam--2200133-i-4500</leader><controlfield tag="001">000041705</controlfield><controlfield tag="002">20161230</controlfield><controlfield tag="005">20161230201043</controlfield><controlfield tag="008">060222s1000------------r-----000-0-eng-d</controlfield><datafield ind1=" " ind2=" " tag="080"><subfield code="a">539.12.04:66.1:015</subfield></datafield><datafield ind1=" " ind2=" " tag="100"><subfield code="a">Sinai,Philippe J</subfield></datafield><datafield ind1=" " ind2=" " tag="245"><subfield code="a">Quelques applications des rayonnements corpusculaires et electromagnetiques a certaines proprietes physiques des verres optique. these</subfield></datafield><datafield ind1=" " ind2=" " tag="260"><subfield code="a">Orsay, Faculte De Science D`Orsay, 1971. 113 P. + 79 P</subfield></datafield><datafield ind1=" " ind2=" " tag="852"><subfield code="a">38057</subfield></datafield></record></collection>